%% This BibTeX bibliography file was created using BibDesk.
%% http://bibdesk.sourceforge.net/

%% Created for Ben Townsend at 2017-11-02 11:37:22 +0000 


%% Saved with string encoding Unicode (UTF-8) 



@misc{ethicalandlegal,
	Author = {University of Brighton},
	Date-Added = {2017-11-02 11:29:41 +0000},
	Date-Modified = {2017-11-02 11:37:19 +0000},
	Howpublished = {https://staff.brighton.ac.uk/is/Published%20Documents/A%20guide%20to%20the%20ethical%20and%20legal%20use%20of%20software.pdf},
	Month = {July},
	Title = {A guide to the ethical and legal use of software for staff and students },
	Year = {2015}}

@article{nerlich2010climategate,
	Author = {Nerlich, Brigitte},
	Date-Added = {2017-11-02 10:20:03 +0000},
	Date-Modified = {2017-11-02 10:20:03 +0000},
	Journal = {Environmental Values},
	Pages = {419--442},
	Publisher = {JSTOR},
	Title = {'Climategate': paradoxical metaphors and political paralysis},
	Year = {2010}}

@article{eu:gdpr,
	Citeulike-Article-Id = {14071352},
	Citeulike-Linkout-0 = {http://eur-lex.europa.eu/legal-content/EN/TXT/?uri=OJ:L:2016:119:TOC},
	Date-Added = {2017-11-02 10:17:34 +0000},
	Date-Modified = {2017-11-02 10:17:34 +0000},
	Day = {4},
	Journal = {Official Journal of the European Union},
	Key = {European Union},
	Keywords = {data-protection, eu, gdpr, legal},
	Month = may,
	Pages = {1--88},
	Posted-At = {2016-06-18 08:17:15},
	Priority = {2},
	Title = {{Regulation (EU) 2016/679 of the European Parliament and of the Council of 27 April 2016 on the protection of natural persons with regard to the processing of personal data and on the free movement of such data, and repealing Directive 95/46/EC (General Data Protection Regulation)}},
	Url = {http://eur-lex.europa.eu/legal-content/EN/TXT/?uri=OJ:L:2016:119:TOC},
	Volume = {L119},
	Year = {2016},
	Bdsk-Url-1 = {http://eur-lex.europa.eu/legal-content/EN/TXT/?uri=OJ:L:2016:119:TOC}}
